<?xml version="1.0" encoding="UTF-8"?><collection xmlns="http://www.loc.gov/MARC21/slim"><record><leader>00382nam--2200145-i-4500</leader><controlfield tag="001">000014905</controlfield><controlfield tag="002">20161230</controlfield><controlfield tag="005">20170302224755</controlfield><controlfield tag="008">060222s1000------------r-----000-0-eng-d</controlfield><datafield ind1=" " ind2=" " tag="100"><subfield code="a">Datzeff, A. B</subfield></datafield><datafield ind1=" " ind2=" " tag="245"><subfield code="a">Mecanique quantique et realite physique</subfield></datafield><datafield ind1=" " ind2=" " tag="260"><subfield code="a">Sofia</subfield><subfield code="b">L Academie Bulgare Des Sciences</subfield><subfield code="c">1969</subfield></datafield><datafield ind1=" " ind2=" " tag="300"><subfield code="a">244 p</subfield></datafield><datafield ind1=" " ind2=" " tag="852"><subfield code="a">530.145.6</subfield></datafield><datafield ind1=" " ind2=" " tag="CAT"><subfield code="a">SYS</subfield><subfield code="c">20170302</subfield><subfield code="h">224755</subfield></datafield></record></collection>